1930 2807
21 177 83 226 'istos
103 176 249 239 fabulatores,
274 179 407 238 Aristaeum,
428 177 573 239 Hecataeum,
595 176 718 238 etnelcio,
730 190 788 238 quos

30 248 98 307 alios,
113 264 225 314 utcunque
235 250 262 299 ad
272 251 357 299 literam
374 250 426 299 falso
441 251 577 316 interpretati
592 250 634 310 fint
645 244 790 298 Pentateuchi

29 317 231 382 chorographiam,
246 336 318 368 renim
330 335 403 369 tamen
417 336 453 370 aut
467 323 563 385 regionis
579 321 659 369 faciem
674 317 789 379 haudqua
907 378 913 392 '

29 389 221 448 quam'irnmutare
229 390 334 438 valebant.
370 394 444 439 Locus
455 407 509 439 vero
522 392 646 448 Strabonis,
659 405 726 452 quem
739 376 924 434 To-GllslfflWr

28 470 139 504 olannus
156 459 267 522 opponit,
286 473 335 506 ante
345 461 420 512 omnia
430 461 508 522 dignus
524 463 566 517 est,
584 461 622 521 qui
639 471 786 522 proponatur.

29 526 102 571 Verba
112 519 234 573 sulithaec:
246 525 291 579 ''eq
307 523 432 592 πετρῶδες,
451 527 506 574 dard
521 526 558 589 μὲν
577 524 683 594 ἕυυὸρον,
710 524 746 587 τὴν
764 520 788 571 dd

30 588 109 654 κύκλῳ
119 590 199 659 χώραν
208 592 265 659 ἔχον
278 593 385 659 λυπρῶν,
401 598 437 654 nuel
446 592 539 661 ,drudam
551 594 614 656 ,raia
629 592 650 642 δ’
666 593 726 651 {redu
740 590 786 657 ἑξή

30 677 98 709 neren
109 657 199 718 cadolt,
214 665 251 721 aaa*
266 658 404 727 arimaspem
422 665 443 710 h.
455 679 474 710 e.
488 666 579 712 Saxosus
590 667 622 712 est
631 666 667 711 illc
676 662 796 723 locussed

31 731 122 790 quidem
131 731 237 790 irriguus,
254 745 305 776 cum
319 732 466 791 vrrdequaque
479 731 555 778 habeat
568 734 681 794 regionem
696 734 791 779 sterilem

32 811 55 843 et
64 797 153 857 ficenm,
170 810 193 843 et
203 799 264 850 ,intra
275 797 383 859 sexaginta
392 799 459 848 stadia
469 800 577 860 lapidibus
585 795 716 846 substratam.
746 800 791 845 Hic
850 815 852 818 ·

33 876 187 912 T'ounuuvs
206 881 263 913 arma
278 867 388 929 reperill'c,
399 866 427 914 ad
441 868 461 913 S.
481 867 615 929 Scripturarn
629 867 793 924 infirmandam,

33 933 93 980 etad
108 935 186 981 Mosen
195 935 308 982 calumniis
316 934 462 992 afficiendum,
472 936 591 995 existimat,
610 935 752 997 quamobrem
760 935 794 981 di·

34 1003 75 1050 cit:
92 1004 149 1050 hanc
160 1004 248 1057 unicam
260 1004 314 1065 elle,
325 1021 364 1052 cur
370 1005 449 1057 ,Moses
458 1021 499 1068 per
512 1005 653 1068 quadraginta
667 1020 736 1059 astrios
753 1020 795 1066 po·

33 1073 113 1135 pulum
125 1072 264 1129 israeliticum
278 1075 302 1120 in
312 1073 398 1123 deserto
412 1074 597 1132 circumduxerit,
616 1075 743 1137 priusquam
758 1071 797 1120 Pa-

34 1141 144 1194 laestinam
155 1144 290 1207 occupasset,
309 1159 333 1192 vt
348 1145 363 1192 ii
379 1161 476 1209 nempe,
500 1146 539 1206 qui
553 1145 687 1192 fertilitatem
701 1142 798 1205 Aegypti

35 1212 200 1274 cognouilleut²
217 1229 366 1271 morerentur,
388 1230 462 1273 erne,
481 1214 502 1261 se
512 1230 539 1260 ex
549 1215 616 1261 fertili
633 1213 724 1279 terrain
738 1210 798 1259 steri-

35 1279 78 1326 lem
87 1282 200 1341 regionem
206 1283 284 1330 dubios
290 1284 338 1343 effe,
345 1283 513 1346 dicerepollint.
531 1295 533 1300 '
548 1278 584 1331 Sic
593 1299 648 1345 cos
655 1300 669 1329 n
677 1298 693 1328 u
702 1280 798 1329 nvsad-

35 1349 108 1396 uersus
120 1349 199 1399 Mosen
210 1351 311 1414 disputat.
347 1353 389 1399 Sed
399 1355 457 1400 bona
474 1354 551 1410 verba,
567 1368 624 1400 ron
632 1371 644 1399 n
653 1367 669 1398 u
677 1367 710 1399 uu
722 1354 726 1397 l
749 1364 798 1397 non

34 1418 149 1474 inueuisti,
167 1421 229 1480 quod
241 1436 263 1467 te
273 1422 374 1483 reperiffe
384 1423 498 1469 existimas.
545 1425 583 1469 An
598 1423 669 1468 statim
687 1419 796 1481 sequitur,

35 1487 71 1534 ille
82 1489 181 1549 Scriptor
191 1504 237 1535 rem
249 1490 306 1535 illam
317 1490 345 1536 fic
354 1490 468 1550 exposuit,
488 1486 542 1537 alter
553 1491 627 1545 aliter,
645 1489 698 1535 hinc
708 1489 761 1534 alter·
772 1488 797 1532 in

35 1571 59 1603 re
68 1557 173 1602 tradenda
185 1559 276 1603 errauit?
289 1559 360 1604 Aliter
369 1558 458 1612 sentias,
472 1572 495 1606 et
503 1558 673 1611 arrimaduertas,
688 1556 750 1617 poll'e
764 1568 798 1602 ta·¹

35 1622 187 1686 liasaepiffime
201 1624 261 1670 firnul
277 1626 337 1672 stare.
351 1657 354 1662 -

108 1766 163 1825 Non
176 1764 300 1826 tregandum
308 1764 417 1828 proicite,
430 1764 452 1812 id
461 1781 472 1812 a
481 1764 588 1812 Strabone
597 1765 687 1812 relatum
698 1762 739 1810 effe
745 1760 799 1819 lon-Q

36 1849 63 1896 ge
75 1833 136 1880 aliter
141 1869 148 1893 ,
167 1849 231 1895 quam
242 1835 304 1895 quod
314 1835 386 1882 Moses
399 1835 427 1881 de
444 1849 500 1881 terra
513 1835 612 1883 Hebraea
629 1834 703 1884 dieart
726 1847 797 1894 porro

36 1903 360 1965 tronnegandum‚Strab011em
378 1903 419 1950 elle
433 1903 477 1949 fide
491 1902 798 1964 dignillimumficriptorem,

37 1972 121 2034 quippe
136 1971 233 2033 quiQipse
247 1970 315 2019 dicit:
342 1974 374 2019 Se
388 1972 515 2035 longiffinris
525 1972 644 2020 itineribus
661 1985 683 2017 et
697 1971 797 2027 maximis

37 2038 142 2095 sumtibus
153 2056 231 2088 ornnes
242 2041 344 2104 regiones
350 2041 481 2104 peragraffe,
498 2056 571 2101 neque
577 2041 696 2102 quidquam
707 2039 799 2103 scripfis-

38 2110 72 2167 se,
89 2109 128 2156 nisi
143 2109 205 2171 quod
215 2099 260 2173 ipse
270 2111 420 2173 cognouill'et;
431 2109 574 2172 quamobrem
588 2127 599 2156 a
613 2110 702 2156 nemine
715 2110 739 2154 in
757 2110 799 2157 du-

39 2181 99 2228 bium
117 2180 190 2226 vocari
210 2179 271 2242 poffe
284 2180 388 2240 videtur,
405 2196 455 2227 cum
468 2180 540 2235 etiam
556 2180 580 2225 in
591 2179 709 2226 >Palaestina
726 2178 799 2226 fullle.
822 2232 824 2234 ¹

41 2250 189 2312 Qidigitnr,
204 2249 265 2311 quod
274 2250 366 2296 sterilem
376 2263 399 2296 et
406 2249 523 2315 lapidosam
530 2245 800 2311 effete1·rarndicat,qtrarn

42 2319 111 2369 sacrae
123 2319 206 2368 litterae
217 2320 366 2382 imprimisque
379 2313 451 2367 Moles
461 2317 609 2381 fertiliffimanr
619 2318 707 2374 laudant
713 2318 801 2383 {Nein-

44 2406 74 2454 pe
83 2404 175 2453 vterque
184 2406 259 2439 verum
267 2391 354 2450 dicunt,
367 2406 440 2454 neque
450 2388 509 2436 enim
516 2390 548 2437 est
560 2388 705 2452 consequens,
715 2402 740 2437 vt
746 2404 803 2449 quae

463 2465 520 2507 *Μ
744 2458 807 2522 regio

804 1953 922 2008 Gaogr.L.ll.
