1930 2807
158 79 257 132 Ouidius
284 72 366 128 'eadem
393 72 487 123 formula
509 72 626 146 ‘eloquendi
659 91 741 146 aeuum
769 93 858 129 aureum
884 82 925 130 de}

157 164 248 202 cantat:

24 276 99 316 Metam.
108 276 130 316 L,
138 275 152 313 1.
233 271 236 274 ¹
288 247 388 298 Flumina
397 259 452 293 tunc
468 244 811 315 lauis‚tuiicflum1naueoaris
828 253 896 310 ibant,

24 343 41 369 a,
50 340 82 366 m.
91 338 123 366 112.
212 380 215 385 .
289 318 399 378 Fiauaque
411 316 440 363 de
451 315 516 363 viridi
525 315 632 363 stillabant
642 315 691 364 ilice
704 317 774 368 melia.

156 424 257 475 Iudaeam
267 434 341 470 autem
351 435 402 468 vere
411 418 527 468 abundasse
532 419 630 484 copioso
635 419 748 483 prouentu
762 421 821 469 labiis
836 439 860 471 et
872 427 926 473 mel-

159 495 185 543 bs
194 508 239 541 tarn
248 509 272 539 m
281 491 363 550 sacris,
383 506 449 552 quam
465 489 591 553 profanis
583 492 734 538 monumentis
750 491 893 551 celebratur,
905 508 928 542 et

162 563 247 627 possem
257 563 310 608 ideo
325 560 364 608 alia
380 561 477 624 plurima}
487 559 536 607 loca
548 560 657 617 adiicere,
671 561 716 608 nib
732 528 888 624 superuacnuni
905 563 929 610 id

124 634 198 681 for
196 649 214 679 e
224 630 375 692 credidissem,
392 646 445 677 cum
453 645 540 692 praeter
550 630 604 676 aiios
617 631 685 679 Viros
694 623 777 678 docbis
770 648 839 692 mos
855 634 930 680 nomi·

28 714 68 766 ors
78 716 125 754 saur
137 703 230 750 Pnatim
245 701 408 750 Celeberrimus
423 699 563 762 Deylingius‚
576 715 622 746 rem
632 700 799 747 luculentissime
813 703 929 765 probasset,

29 770 54 808 Π·
68 766 108 817 obs
115 778 131 808 9·
164 771 317 835 exemplisque
327 769 480 817 confirmasset.
516 770 581 816 Vnus
591 779 664 815 tamen
669 786 696 815 ex
702 770 800 817 Profanis
809 787 851 834 pro
861 772 934 819 omni·

29 848 70 891 Lib.
83 849 103 890 V,
113 852 149 888 co.
165 845 209 891 bus
219 843 323 902 loquatur
333 840 441 898 Tacitus,
459 838 498 900 qui
507 837 575 885 resert
585 871 592 894 ,
614 838 706 885 Iudaeae
716 839 786 886 solum
796 842 878 903 pingue
891 841 933 889 csse

103 968 106 970 ,
168 930 193 961 ac
205 911 339 958 vberrimum
352 943 359 966 ,
384 910 501 956 exuberare
514 906 589 968 fruges
599 910 723 955 Romanum
733 909 760 954 ad
770 906 934 972 ritorem'7prae·

168 996 249 1043 terque
259 995 293 1026 eas
303 978 419 1025 balsamum
428 978 459 1023 ibi
469 976 545 1023 esseae
555 976 642 1036 palmas.
678 979 711 1023 Ex
720 977 825 1038 hispater
831 1012 837 1034 ,
854 995 895 1040 qua
901 996 934 1027 ra·

169 1053 233 1099 tione
243 1064 291 1095 non
301 1048 371 1093 modo
391 1046 459 1092 Mofis
475 1044 601 1091 audoritate
616 1045 776 1103 confirmetur,
791 1060 868 1094 terram
885 1051 934 1095 He·

167 1121 255 1168 braeam
266 1117 328 1164 fuisse
342 1114 481 1178 praestantrff
483 1129 540 1159 mam
553 1127 619 1173 atque
633 1112 798 1171 fertilissimam,
819 1115 934 1164 sedetiam

169 1190 196 1236 ab
207 1188 252 1234 aliis
262 1201 310 1233 tum
320 1184 469 1250 Scriptoribus
481 1182 557 1242 fandis
570 1195 618 1230 tum
631 1167 732 1263 profanis
748 1148 808 1231 iderii
824 1173 868 1232 dici
883 1201 934 1249 per·

170 1257 221 1344 suasi
234 1255 313 1305 sumus.
759 1275 761 1280 ·

240 1395 282 1443 His
294 1408 384 1457 tamen,
401 1410 457 1458 qnae
465 1390 562 1459 spedata'
570 1395 662 1442 veritate
670 1393 782 1452 nituntur,
794 1411 806 1442 a
821 1394 883 1442 Mose
894 1387 936 1443 tra*

174 1465 241 1525 ditis,
257 1481 306 1512 noir
319 1467 405 1513 dubitat
421 1482 579 1512 Totaunus
588 1465 665 1511 multa
679 1463 740 1525 posse
758 1465 861 1528 opponi,
881 1480 938 1526 quae

175 1535 310 1586 ostendant,
335 1536 459 1576 numerem
468 1534 672 1575 Pentateucbinon
685 1532 748 1574 fuiffe
762 1534 786 1576 in
799 1550 839 1587 eo,
861 1547 885 1579 vt
900 1550 938 1580 ve-

176 1598 382 1649 ritatemtraderett
400 1597 448 1652 sed,
462 1597 529 1642 varias
545 1597 574 1642 ob
590 1596 668 1642 caussas
685 1595 725 1654 fic,
746 1611 769 1644 er
779 1614 827 1645 nou
843 1616 869 1647 vt
884 1598 937 1649 uere

178 1668 269 1724 fuisset,
290 1670 389 1728 (nempe
399 1665 488 1724 sterilis,
501 1663 573 1710 saxosa
587 1664 764 1727 miserrimaque)
781 1681 859 1714 terram
875 1670 941 1749 illam,

170 1735 311 1814 ,descripsisse
323 1749 392 1798 putat.
427 1737 453 1781 In
468 1747 511 1795 qua
527 1731 562 1779 sua
576 1732 682 1780 sententia
697 1734 845 1783 confirmanda
859 1739 942 1800 praeci-

179 1822 225 1870 pue
238 1806 317 1852 nititur
326 1805 379 1850 loco
390 1803 499 1864 quodam,
517 1803 546 1848 de
562 1817 609 1862 quo
625 1803 724 1849 verba
705 1818 751 1850 eius
767 1806 821 1852 haec
835 1806 899 1854 sunt:
914 1810 942 1868 )

179 1876 249 1937 Magis
263 1873 314 1920 sane
323 1873 351 1920 ad
362 1889 408 1919 rem
422 1873 495 1928 foret,
510 1871 524 1918 fi
535 1867 647 1918 Strabonis
657 1872 722 1919 verba
732 1874 759 1920 ad
771 1876 846 1937 Caput
854 1876 944 1925 tertium

129 2000 133 2018 Ι
178 1944 251 1994 Exodi
276 1940 344 1993 citare
359 1942 450 1991 velient
474 1942 689 2030 Commentatores,
718 1955 741 1990 et
757 1959 811 1991 non
835 1946 944 1994 confisios

891 2017 945 2064 istos

186 2175 188 2177 ’
228 2161 254 2214 vi)
267 2164 437 2214 Leguntur'nempe
444 2165 464 2202 in
475 2164 540 2202 libello
549 2163 648 2214 impietatis
656 2165 717 2213 pleno,
730 2177 785 2212 quem
794 2167 837 2204 ioco
848 2167 946 2207 Commen-

260 2216 301 2251 aarii
311 2215 392 2263 scripbr'
387 2229 406 2252 m
417 2216 479 2254 locum
489 2217 542 2253 illum
550 2217 643 2254 Strabonis
652 2217 684 2254 snb
693 2217 761 2263 titulo:
773 2218 873 2266 Originum
887 2219 947 2256 iudai-

262 2277 332 2309 carum,
344 2268 546 2313 quoaussoriratemS
560 2268 662 2316 Scripturas
676 2260 768 2305 infirmare
781 2269 846 2329 voluit.
885 2268 950 2306 Edidit

257 2291 479 2357 hunclibrumvnacum
487 2317 643 2383 Adeifidaernnne,
779 2326 780 2329 ’
